<?xml version="1.0" encoding="UTF-8"?>
<marc:collection xmlns:marc="http://www.loc.gov/MARC21/slim" xmlns:xsi="http://www.w3.org/2001/XMLSchema-instance" xsi:schemaLocation="http://www.loc.gov/MARC21/slim http://www.loc.gov/standards/marcxml/schema/MARC21slim.xsd">
   <marc:record type="Bibliographic">
      <marc:leader>01750cam a2200373 a 4500</marc:leader>
      <marc:controlfield tag="001">269978</marc:controlfield>
      <marc:controlfield tag="003">NjP</marc:controlfield>
      <marc:controlfield tag="005">20140624092223.0</marc:controlfield>
      <marc:controlfield tag="008">850809s1950    iq            000 0 ara d</marc:controlfield>
      <marc:datafield tag="024" ind1="7" ind2=" ">
         <marc:subfield code="a">princeton_aco000188</marc:subfield>
         <marc:subfield code="2">local</marc:subfield>
      </marc:datafield>
      <marc:datafield tag="035" ind1=" " ind2=" ">
         <marc:subfield code="a">(OCoLC)ocn176039888</marc:subfield>
      </marc:datafield>
      <marc:datafield tag="035" ind1=" " ind2=" ">
         <marc:subfield code="a">(OCoLC)22319603</marc:subfield>
      </marc:datafield>
      <marc:datafield tag="040" ind1=" " ind2=" ">
         <marc:subfield code="a">NjP</marc:subfield>
         <marc:subfield code="c">PUL</marc:subfield>
         <marc:subfield code="d">PUL</marc:subfield>
      </marc:datafield>
      <marc:datafield tag="066" ind1=" " ind2=" ">
         <marc:subfield code="c">(3</marc:subfield>
      </marc:datafield>
      <marc:datafield tag="035" ind1=" " ind2=" ">
         <marc:subfield code="a">(OCoLC)176039888</marc:subfield>
      </marc:datafield>
      <marc:datafield tag="035" ind1=" " ind2=" ">
         <marc:subfield code="a">(CStRLIN)NJPG85-B21373</marc:subfield>
      </marc:datafield>
      <marc:datafield tag="035" ind1=" " ind2=" ">
         <marc:subfield code="9">ABJ5144TS</marc:subfield>
      </marc:datafield>
      <marc:datafield tag="035" ind1=" " ind2=" ">
         <marc:subfield code="a">(NjP)269978</marc:subfield>
      </marc:datafield>
      <marc:datafield tag="079" ind1=" " ind2=" ">
         <marc:subfield code="a">ocm22319603</marc:subfield>
      </marc:datafield>
      <marc:datafield tag="049" ind1=" " ind2=" ">
         <marc:subfield code="a">PULL</marc:subfield>
      </marc:datafield>
      <marc:datafield tag="100" ind1="1" ind2=" ">
         <marc:subfield code="6">880-01</marc:subfield>
         <marc:subfield code="a">Kāẓimī, Jābir ibn ʻAbd al-Ḥusayn,</marc:subfield>
         <marc:subfield code="d">1807 or 1808-1895 or 1896.</marc:subfield>
      </marc:datafield>
      <marc:datafield tag="245" ind1="1" ind2="0">
         <marc:subfield code="6">880-02</marc:subfield>
         <marc:subfield code="a">Takhmīs al-Uzrīyah, fī madḥ al-Nabī wa-al-waṣī wa-al-āl ṣalawāt Allāh ʻalayhim ajmaʻīn :</marc:subfield>
         <marc:subfield code="b">li-nāẓimihā Kāẓim al-Uzrī /</marc:subfield>
         <marc:subfield code="c">wa- takhmīsuhā lil-adīb Jābir al-Kāẓimī.</marc:subfield>
      </marc:datafield>
      <marc:datafield tag="260" ind1=" " ind2=" ">
         <marc:subfield code="6">880-03</marc:subfield>
         <marc:subfield code="a">al-Najaf :</marc:subfield>
         <marc:subfield code="b">al-Maṭbaʻah al-Ḥaydarīyah,</marc:subfield>
         <marc:subfield code="c">1950.</marc:subfield>
      </marc:datafield>
      <marc:datafield tag="300" ind1=" " ind2=" ">
         <marc:subfield code="a">18, 162 p. ;</marc:subfield>
         <marc:subfield code="c">17 cm.</marc:subfield>
      </marc:datafield>
      <marc:datafield tag="600" ind1="0" ind2="0">
         <marc:subfield code="a">Muḥammad,</marc:subfield>
         <marc:subfield code="c">Prophet,</marc:subfield>
         <marc:subfield code="d">d. 632.</marc:subfield>
      </marc:datafield>
      <marc:datafield tag="650" ind1=" " ind2="0">
         <marc:subfield code="a">Islamic poetry, Arabic.</marc:subfield>
      </marc:datafield>
      <marc:datafield tag="700" ind1="1" ind2="2">
         <marc:subfield code="6">880-04</marc:subfield>
         <marc:subfield code="a">Uzrī, Kāẓim,</marc:subfield>
         <marc:subfield code="d">1730-approximately 1797.</marc:subfield>
         <marc:subfield code="t">Uzrīyah.</marc:subfield>
      </marc:datafield>
      <marc:datafield tag="880" ind1="1" ind2=" ">
         <marc:subfield code="6">100-01/(3/r</marc:subfield>
         <marc:subfield code="a">كاظمي، جابر بن عبد الحسين،</marc:subfield>
         <marc:subfield code="d">1807 or 1808-1895 or 1896.</marc:subfield>
      </marc:datafield>
      <marc:datafield tag="880" ind1="1" ind2="0">
         <marc:subfield code="6">245-02/(3/r</marc:subfield>
         <marc:subfield code="a">تخميس الازرية، في مدح النبي والوصي والآل صلوات الله عليهم اجمعين :</marc:subfield>
         <marc:subfield code="b">لناظمها كاظم الازري /</marc:subfield>
         <marc:subfield code="c">و تخميسها للاديب جابر الكاظمي.</marc:subfield>
      </marc:datafield>
      <marc:datafield tag="880" ind1=" " ind2=" ">
         <marc:subfield code="6">260-03/(3/r</marc:subfield>
         <marc:subfield code="a">النجف :</marc:subfield>
         <marc:subfield code="b">المطبعة الحيدرية،</marc:subfield>
         <marc:subfield code="c">1950.</marc:subfield>
      </marc:datafield>
      <marc:datafield tag="880" ind1="1" ind2="2">
         <marc:subfield code="6">700-04/(3/r</marc:subfield>
         <marc:subfield code="a">ازري، كاظم،</marc:subfield>
         <marc:subfield code="d">1730-approximately 1797.</marc:subfield>
         <marc:subfield code="t">ازرية.</marc:subfield>
      </marc:datafield>
      <marc:datafield tag="998" ind1=" " ind2=" ">
         <marc:subfield code="a">12/12/89</marc:subfield>
         <marc:subfield code="s">9118</marc:subfield>
         <marc:subfield code="n">NjP</marc:subfield>
         <marc:subfield code="w">NJPG85B21373</marc:subfield>
         <marc:subfield code="d">08/09/85</marc:subfield>
         <marc:subfield code="c">KVV</marc:subfield>
         <marc:subfield code="b">JCB</marc:subfield>
         <marc:subfield code="i">891212</marc:subfield>
         <marc:subfield code="l">NJPG</marc:subfield>
      </marc:datafield>
      <marc:datafield tag="911" ind1=" " ind2=" ">
         <marc:subfield code="a">19921028</marc:subfield>
      </marc:datafield>
      <marc:datafield tag="912" ind1=" " ind2=" ">
         <marc:subfield code="a">19900508000000.0</marc:subfield>
      </marc:datafield>
      <marc:datafield tag="994" ind1=" " ind2=" ">
         <marc:subfield code="a">C0</marc:subfield>
         <marc:subfield code="b">PUL</marc:subfield>
      </marc:datafield>
      <marc:datafield tag="999" ind1=" " ind2=" ">
         <marc:subfield code="a">269978</marc:subfield>
      </marc:datafield>
   </marc:record>
</marc:collection>
